<?xml version="1.0" encoding="UTF-8"?><collection xmlns="http://www.loc.gov/MARC21/slim"><record><leader>00418nam--2200145-i-4500</leader><controlfield tag="001">000002925</controlfield><controlfield tag="002">20161230</controlfield><controlfield tag="005">20170211142418</controlfield><controlfield tag="008">060222s1000------------r-----000-0-eng-d</controlfield><datafield ind1=" " ind2=" " tag="100"><subfield code="a">Bychowski, M. L</subfield></datafield><datafield ind1=" " ind2=" " tag="245"><subfield code="a">Die genauigkeit elektrischer netze, die zur lo sung von laplace - gleichungen verwendet werden</subfield></datafield><datafield ind1=" " ind2=" " tag="260"><subfield code="a">Berlin</subfield><subfield code="b">Verlag Technik</subfield><subfield code="c">1952</subfield></datafield><datafield ind1=" " ind2=" " tag="300"><subfield code="a">55 p</subfield></datafield><datafield ind1=" " ind2=" " tag="852"><subfield code="a">621.3</subfield></datafield><datafield ind1=" " ind2=" " tag="CAT"><subfield code="a">SYS</subfield><subfield code="c">20170211</subfield><subfield code="h">142418</subfield></datafield></record></collection>